@misc{bubeck2023sparks,
      title={Sparks of Artificial General Intelligence: Early experiments with GPT-4}, 
      author={Sébastien Bubeck and Varun Chandrasekaran and Ronen Eldan and Johannes Gehrke and Eric Horvitz and Ece Kamar and Peter Lee and Yin Tat Lee and Yuanzhi Li and Scott Lundberg and Harsha Nori and Hamid Palangi and Marco Tulio Ribeiro and Yi Zhang},
      year={2023},
      eprint={2303.12712},
      archivePrefix={arXiv},
      primaryClass={cs.CL},
      howpublished = {https://arxiv.org/abs/2303.12712}
}
@misc{zhang2022opt,
      title={OPT: Open Pre-trained Transformer Language Models}, 
      author={Susan Zhang and Stephen Roller and Naman Goyal and Mikel Artetxe and Moya Chen and Shuohui Chen and Christopher Dewan and Mona Diab and Xian Li and Xi Victoria Lin and Todor Mihaylov and Myle Ott and Sam Shleifer and Kurt Shuster and Daniel Simig and Punit Singh Koura and Anjali Sridhar and Tianlu Wang and Luke Zettlemoyer},
      year={2022},
      eprint={2205.01068},
      archivePrefix={arXiv},
      primaryClass={cs.CL},
      howpublished = {https://arxiv.org/abs/2205.01068}
}
@misc{lin2021survey,
      title={A Survey of Transformers}, 
      author={Tianyang Lin and Yuxin Wang and Xiangyang Liu and Xipeng Qiu},
      year={2021},
      eprint={2106.04554},
      archivePrefix={arXiv},
      primaryClass={cs.LG},
      howpublished = {https://arxiv.org/abs/2106.04554}
}
@misc{openai2023gpt4,
      title={GPT-4 Technical Report}, 
      author={OpenAI},
      year={2023},
      eprint={2303.08774},
      archivePrefix={arXiv},
      primaryClass={cs.CL},
      howpublished = {https://cdn.openai.com/papers/gpt-4.pdf}
}
@misc{vaswani2017,
      title={Attention Is All You Need}, 
      author={Ashish Vaswani and Noam Shazeer and Niki Parmar and Jakob Uszkoreit and Llion Jones and Aidan N. Gomez and Lukasz Kaiser and Illia Polosukhin},
      year={2017},
      eprint={1706.03762},
      archivePrefix={arXiv},
      primaryClass={cs.CL},
      howpublished = {https://arxiv.org/abs/1706.03762}
}
@misc{popenici2017,
    title={Exploring the impact of artificial intelligence on teaching and learning in higher education},
    author={Stefan A.D. Popenici, Sharon Kerr},
    journal={Research and Practice in Technology Enhanced Learning},
    year={2017},
    publisher={Springer Nature},
    howpublished = {https://telrp.springeropen.com/articles/10.1186/s41039-017-0062-8?trk=public_post_comment-text}
}
@misc{frjelland2020,
    title={Why general artificial intelligence will not be realized},
    author={Ragnar Fjelland},
    year={2020},
    publisher={Humanities and Social Sciences Communications},
    howpublished = {https://www.nature.com/articles/s41599-020-0494-4}
}
@misc{miller2023,
    title={Sam Altman: Size of LLMs won't matter as much moving forward},
    author={Ron Miller},
    year={2023},
    publisher={TechCrunch},
    howpublished = {https://techcrunch.com/2023/04/14/sam-altman-size-of-llms-wont-matter-as-much-moving-forward/#:~:text=Altman%2C%20who%20was%20interviewed%20over,other%20ways%2C”%20Altman%20said.}
}
@misc{matt2023,
    title={What is Auto-GPT, and Why Do We Care?},
    author={Matt},
    year={2023},
    publisher={AutoGPT},
    howpublished = {https://autogpt.net/what-is-auto-gpt-and-why-do-we-care/}
}
@misc{pascasnu2013,
    title={On the difficulty of training recurrent neural networks},
    author={Razvan Pascanu, Tomas Mikolov, Yoshua Bengio},
    year={2013},
    publisher={Cornell University},
    howpublished = {https://proceedings.mlr.press/v28/pascanu13.pdf}
}
@misc{kim2014,
    title={Convolutional Neural Networks for Sentence Classification},
    author={Yoon Kim},
    year={2014},
    publisher={Cornell University},
    howpublished = {https://arxiv.org/abs/1408.5882}
}
@misc{jiang2020,
    title={A Visual Explanation of Gradient Descent Methods (Momentum, AdaGrad, RMSProp, Adam)},
    author={Lili Jiang},
    year={2020},
    publisher={Medium},
    howpublished = {https://towardsdatascience.com/a-visual-explanation-of-gradient-descent-methods-momentum-adagrad-rmsprop-adam-f898b102325c}
}
@misc{navarburnett2023,
    title={ChatGPT Testing},
    author={Jose Navar and Brendon Burnett},
    year={2023},
    publisher={UNG},
    howpublished = {https://drive.google.com/file/d/1DiVZEzWlCiDQvlmqVnBppSx9irFx_IAZ/view?usp=sharing}
}
@misc{miles2022,
    title={We Were Right! Real Inner Misalignment},
    author={Robert Miles},
    year={2022},
    howpublished={https://www.youtube.com/watch?v=zkbPdEHEyEI&t}
}